[gd_scene load_steps=27 format=2]

[ext_resource path="res://Assets/personal/pixel_platformer_player/idle/1.png" type="Texture" id=1]
[ext_resource path="res://Scenes/Player.gd" type="Script" id=2]
[ext_resource path="res://Assets/personal/pixel_platformer_player/jump_fall/1.png" type="Texture" id=3]
[ext_resource path="res://Assets/personal/pixel_platformer_player/run/1.png" type="Texture" id=4]
[ext_resource path="res://Assets/personal/pixel_platformer_player/run/2.png" type="Texture" id=5]
[ext_resource path="res://Assets/personal/pixel_platformer_player/run/3.png" type="Texture" id=6]
[ext_resource path="res://Assets/personal/pixel_platformer_player/jump_mid/1.png" type="Texture" id=7]
[ext_resource path="res://Assets/personal/pixel_platformer_player/crouch/1.png" type="Texture" id=8]
[ext_resource path="res://Assets/personal/pixel_platformer_player/crouch/2.png" type="Texture" id=9]
[ext_resource path="res://Assets/personal/pixel_platformer_player/crouch/3.png" type="Texture" id=10]
[ext_resource path="res://Assets/personal/pixel_platformer_player/roll/3.png" type="Texture" id=11]
[ext_resource path="res://Assets/personal/pixel_platformer_player/roll/4.png" type="Texture" id=12]
[ext_resource path="res://Assets/personal/pixel_platformer_player/jump_rise/1.png" type="Texture" id=13]
[ext_resource path="res://Assets/personal/pixel_platformer_player/idle/2.png" type="Texture" id=14]
[ext_resource path="res://Assets/personal/pixel_platformer_player/roll/2.png" type="Texture" id=15]
[ext_resource path="res://sound/jump.wav" type="AudioStream" id=16]
[ext_resource path="res://Assets/personal/pixel_platformer_player/roll/5.png" type="Texture" id=17]
[ext_resource path="res://Assets/personal/pixel_platformer_player/combat_ground_slam/4.png" type="Texture" id=18]
[ext_resource path="res://Assets/personal/pixel_platformer_player/combat_ground_slam/5.png" type="Texture" id=21]
[ext_resource path="res://Assets/personal/pixel_platformer_player/combat_ground_slam/6.png" type="Texture" id=22]
[ext_resource path="res://Assets/personal/pixel_platformer_player/combat_ground_slam/7.png" type="Texture" id=23]

[sub_resource type="RectangleShape2D" id=1]
extents = Vector2( 2.96203, 4.03867 )

[sub_resource type="AtlasTexture" id=2]
flags = 4
atlas = ExtResource( 4 )
region = Rect2( 0, 0, 96, 84 )

[sub_resource type="AtlasTexture" id=3]
flags = 4
atlas = ExtResource( 5 )
region = Rect2( 0, 0, 96, 84 )

[sub_resource type="AtlasTexture" id=4]
flags = 4
atlas = ExtResource( 6 )
region = Rect2( 0, 0, 96, 84 )

[sub_resource type="SpriteFrames" id=5]
animations = [ {
"frames": [ SubResource( 2 ), SubResource( 3 ), SubResource( 4 ) ],
"loop": true,
"name": "jalan_kanan",
"speed": 9.0
}, {
"frames": [ ExtResource( 22 ), ExtResource( 21 ) ],
"loop": true,
"name": "powerup2",
"speed": 5.0
}, {
"frames": [ ExtResource( 13 ) ],
"loop": true,
"name": "loncat_kanan",
"speed": 5.0
}, {
"frames": [ ExtResource( 8 ), ExtResource( 9 ), ExtResource( 10 ) ],
"loop": true,
"name": "teabag",
"speed": 5.0
}, {
"frames": [ ExtResource( 17 ), ExtResource( 12 ), ExtResource( 11 ), ExtResource( 15 ) ],
"loop": true,
"name": "jalan_kiri",
"speed": 15.0
}, {
"frames": [ ExtResource( 7 ) ],
"loop": true,
"name": "loncat_neut",
"speed": 5.0
}, {
"frames": [ ExtResource( 23 ), ExtResource( 22 ) ],
"loop": true,
"name": "powerup1",
"speed": 5.0
}, {
"frames": [ ExtResource( 1 ), ExtResource( 14 ) ],
"loop": true,
"name": "diam_kanan",
"speed": 5.0
}, {
"frames": [ ExtResource( 3 ) ],
"loop": true,
"name": "loncat_kiri",
"speed": 5.0
}, {
"frames": [ ExtResource( 21 ), ExtResource( 18 ) ],
"loop": true,
"name": "powerup3",
"speed": 5.0
} ]

[node name="Player" type="KinematicBody2D"]
rotation = -0.048916
script = ExtResource( 2 )

[node name="CollisionShape2D" type="CollisionShape2D" parent="."]
scale = Vector2( 2.5, 5 )
shape = SubResource( 1 )

[node name="AnimatedSprite" type="AnimatedSprite" parent="."]
position = Vector2( 0.835425, 21.7775 )
frames = SubResource( 5 )
animation = "diam_kanan"
frame = 1
playing = true
flip_v = true

[node name="jump" type="AudioStreamPlayer2D" parent="."]
stream = ExtResource( 16 )
